@article{
	peres2019,
	title 		= 	"{Oral Diseases: A Global Public Health Challenge}",
	author	= 	{M.A. Peres and L.M.D. Macpherson and R.J. Weyant and B. Daly and R. Venturelli and M.R. Mathur and S. Listl and R.K. Celeste and C.G. Guarnizo-Herreño and C. Kearns and H. Benzian and P. Allison and R.G. Watt},
	journal 	= 	{The Lancet},
	volume 	= 	{394},
	number 	= 	{10194},
	pages 	= 	{249--260},
	year 		= 	{2019},
	url 		= 	{https://doi.org/10.1016/S0140-6736(19)31146-8}
}

@article{
	gbd2017,
	title 		=	"{Global, Regional, and National Levels and Trends in Burden of Oral Conditions from 1990 to 2017: A Systematic Analysis for the Global Burden of Disease 2017 Study}",
	author	=	{E. Bernabe and W. Marcenes and C.R. Hernandez and J. Bailey and L.G. Abreu and V. Alipour and S. Amini and J. Arabloo and Z. Arefi and A. Arora and M.A. Ayanore and T.W. Bärnighausen and A. Bijani and D.Y. Cho and D.T. Chu and C.S. Crowe and G.T. Demoz and D.G. Demsie and Z.S. Dibaji Forooshani and M. Du and M. El Tantawi and F. Fischer and M.O. Folayan and N.D. Futran and Y.C.D. Geramo and A. Haj-Mirzaian and N. Hariyani and A. Hasanzadeh and S. Hassanipour and S.I. Hay and M.K. Hole and S. Hostiuc and M.D. Ilic and S.L. James and R. Kalhor and L. Kemmer and M. Keramati and Y.S. Khader and S. Kisa and A. Kisa and A. Koyanagi and R. Lalloo and Q. Le Nguyen and S.D. London and N.D. Manohar and B.B. Massenburg and M.R. Mathur and H.G. Meles and T. Mestrovic and A. Mohammadian-Hafshejani and R. Mohammadpourhodki and A.H. Mokdad and S.D. Morrison and J. Nazari and T.H. Nguyen and C.T. Nguyen and M.R. Nixon and T.O. Olagunju and K. Pakshir and M. Pathak and N. Rabiee and A. Rafiei and K. Ramezanzadeh and M.J. Rios-Blancas and E.M. Roro and S. Sabour and A.M. Samy and M. Sawhney and F. Schwendicke and F. Shaahmadi and M.A. Shaikh and C. Stein and M.R. Tovani-Palone and B.X. Tran and B. Unnikrishnan and G.T. Vu and A. Vukovic and T.S.S. Warouw and Z. Zaidi and Z.J. Zhang and N.J. Kassebaum and GBD 2017 Oral Disorders Collaborators},
	journal 	=	{Journal of Dental Research},
	volume 	= 	{99},
	number 	= 	{4},
	pages 	= 	{362--373},
	year 		= 	{2020},
	url 		= 	{https://doi.org/10.1177/0022034520908533}
}

@book{
	oral2000,
	title 		=	"{Oral Health in America: A Report of the Surgeon General}",
	author	= 	{NIDCR},
  	lccn		=	{00328855},
	year		=	{2000},
  	publisher	=	{U.S. Public Health Service, Department of Health and Human Services. Office of the Surgeon General and National Institute of Dental and Craniofacial Research (U.S.)}
}

@article{
	bashir2021,
	title 		=	"{Update on the Prevalence of Untreated Caries in the US Adult Population, 2017--2020}",
	author	=	{N.Z. Bashir},
	journal 	=	{The Journal of the American Dental Association},
	volume 	= 	{153},
	number 	= 	{5},
	pages 	= 	{300--308},
	year 		= 	{2021},
	url		= 	{https://doi.org/10.1016/j.adaj.2021.09.004}
}

@article{
	bashir2022,
	title 		=	"{Trends in the Prevalence of Dental Caries in the US Pediatric Population, 2011--2020}",
	author	=	{N.Z. Bashir},
	journal 	=	{The Journal of Clinical Pediatric Dentistry},
	volume 	= 	{46},
	number 	= 	{5},
	pages 	= 	{51--57},
	year 		= 	{2022},
	url		= 	{https://doi.org/10.22514/jocpd.2022.007}
}

@article{
	cunnion2010,
	title 		= 	"{Pediatric Oral Health-related Quality of Life Improvement after Treatment of Early Childhood Caries: A Prospective Multisite Study}",
	author 	= 	{D. Cunnion and A. Spiro and J. Jones and S. Rich and C. Papageorgiou and A. Tate and P. Casamassimo and C. Hayes and R. Garcia},
	journal 	= 	{Journal of Dentistry for Children (Chicago, Ill.)},
	volume 	= 	{77},
	number	=	{1},
	pages 	= 	{4--11},
	year 		= 	{2010},
}

@article{
	boeira2012,
	title 		= 	"{Caries is the Main Cause for Dental Pain in Childhood: Findings from a Birth Cohort}",
	author 	= 	{G.F. Boeira and M.B. Correa and K.G. Peres and M.A. Peres and I.S. Santos and A. Matijasevich and A.J.D. Barros and F.F. Demarco},
	journal 	= 	{Caries Research},
	volume 	= 	{46},
	number 	= 	{5},
	pages 	= 	{488--95},
	year 		= 	{2012},
	url 		= 	{https://doi.org/10.1159/000339491}
}

@article{
	singh2020,
	title 		= 	"{Impact of Early Childhood Caries on Quality of Life: Child and Parent Perspectives}",
	author 	= 	{N. Singh and N. Dubey and M. Rathore and P. Pandey},
	journal 	= 	{Journal of Oral Biology and Craniofacial Research},
	volume	= 	{10},
	number 	= 	{2},
	pages 	= 	{83--86},
	year 		= 	{2020},
	url 		= 	{https://doi.org/10.1016/j.jobcr.2020.02.006}
}

@article{
	jackson2011,
	title 		= 	"{Impact of Poor Oral Health on Children's School Attendance and Performance}",
	author 	= 	{S.L. Jackson and W.F. Vann and J.B. Kotch and B.T. Pahel and J.Y. Lee},
	journal 	= 	{American Journal of Public Health},
	volume 	= 	{101},
	number	= 	{10},
	pages 	= 	{1900--1906},
	year 		= 	{2011},
	url 		= 	{https://doi.org/10.2105/AJPH.2010.200915}
}

@article{
	righolt2018,
	title 		=	"{Global-, Regional-, and Country-Level Economic Impacts of Dental Diseases in 2015}",
	author 	= 	{A.J. Righolt and M. Jevdjevic and W. Marcenes and S. Listl},
	journal 	= 	{Journal of Dental Research},
	volume 	= 	{97},
	number 	= 	{5},
	pages 	= 	{501--507},
	year 		= 	{2018},
	URL 		= 	{https://doi.org/10.1177/0022034517750572}
}

@article{
	costa2017,
	title 		= 	"{Developmental Defects of Enamel and Dental Caries in the Primary Dentition: A Systematic Review and Meta-analysis}",
	author	= 	{F.S. Costa and E.R. Silveira and G.S. Pinto and G.G. Nascimento and W.M. Thomson and F.F. Demarco},
	journal 	= 	{Journal of Dentistry},
	volume 	= 	{60},
	number 	= 	{5},
	pages 	= 	{1--7},
	year 		= 	{2017},
	url 		= 	{https://doi.org/10.1016/j.jdent.2017.03.006}
}

@article{
	crawford2007,
	title 		= 	"{Amelogenesis Imperfecta}",
	author 	= 	{P.J.M. Crawford and M. Aldred and A. Bloch-Zupan},
	journal 	= 	{Orphanet Journal of Rare Diseases},
	volume 	= 	{2},
	number 	= 	{17},
	year 		= 	{2007},
	url 		= 	{https://doi.org/10.1186/1750-1172-2-17}
}

@article{
	barron2008,
	title 		= 	"{Hereditary Dentine Disorders: Dentinogenesis Imperfecta and Dentine Dysplasia}",
	author 	= 	{M.J. Barron and S.T. McDonnel and I. MacKie and M.J. Dixon},
	journal 	= 	{Orphanet Journal of Rare Diseases},
	volume 	= 	{3},
	number 	= 	{1},
	year 		= 	{2008},
	url 		= 	{https://doi.org/10.1186/1750-1172-3-31}
}

@article{
	pitts2017,
	title 		= 	"{Dental Caries}",
	author 	= 	{N. Pitts and D. Zero and P. Marsh and K. Ekstrand and J. Weintraub and F. Gomez and J. Tagami and S. Twetman and G. Tsakos and A. Ismail},
	journal 	= 	{Nature Reviews Disease Primers},
	volume 	= 	{3},
	number 	= 	{1},
	year 		= 	{2017},
	url 		= 	{https://doi.org/10.1038/nrdp.2017.30}
}

@article{
	lacruz2017,
	title 		= 	"{Dental Enamel Formation and Implications for Oral Health and Disease}",
	author 	= 	{R.S. Lacruz and S. Habelitz and T.J. Wright and M.L. Paine},
	journal 	= 	{Physiological Reviews},
	volume 	= 	{97},
	number 	= 	{3},
	pages 	= 	{939--993},
	year 		= 	{2017},
	url 		= 	{https://doi.org/10.1152/physrev.00030.2016}
}

@article{
	goldberg2011,
  	title		=	"{Dentin: Structure, Composition and Mineralization}",
  	author	=	{M. Goldberg and A.B. Kulkarni and M. Young and A. Boskey},
  	journal	=	{Frontiers in Bioscience-Elite},
  	volume	=	{3},
  	number	=	{2},
  	pages		=	{711--735},
	year		=	{2011},
  	url 		= 	{https://doi.org/10.2741/E281}  	
}

@article{
	iqbal2007,
	title 		=	"{An Investigation into Differential Diagnosis of Pulp and Periapical Pain: A PennEndo Database Study}",
	author	=	{M. Iqbal and S. Kim and F. Yoon},
	journal	=	{Journal of Endodontics},
	volume	=	{33},
	number	=	{5},
	pages		=	{548--551},
	year		=	{2007},
	url 		=	{https://doi.org/10.1016/j.joen.2007.01.006}
}

@article{
	buzalaf2011,
	title 		=	"{Mechanisms of Action of Fluoride for Caries Control}",
	author	=	{M.A.R. Buzalaf and J.P. Pessan and H.M. Honório and J.M.T. Ten Cate},
	journal	=	{Monographs in Oral Science},
	volume	=	{22},
	pages		=	{97--114},
	year		=	{2011},
	url 		=	{https://doi.org/10.1159/000325151}
}

@article{
	liao2017,
	title 		=	"{Fluoride Resistance in \emph{Streptococcus mutans}: A Mini Review}",
	author	=	{Y. Liao and B.W. Brandt and W. Crielaard and C.V. Loveren and D.M. Deng},
	journal	=	{Journal of Oral Microbiology},
	volume	=	{9},
	number	=	{1},
	pages		=	{1344509},
	year		=	{2017},
	url 		=	{https://doi.org/10.1080/20002297.2017.1344509}
}

@article{
	moynihan2017,
	title 		=	"{Effect on Caries of Restricting Sugars Intake: Systematic Review to Inform WHO Guidelines}",
	author	=	{P.J. Moynihan and S.A.M. Kelly},
	journal	=	{Journal of Dental Research},
	volume	=	{93},
	number	=	{1},
	pages		=	{8--18},
	year		=	{2013},
	url 		=	{https://doi.org/10.1177/0022034513508954}
}

@article{
	hujoel2018,
	title 		=	"{Personal Oral Hygiene and Dental Caries: A Systematic Review of Randomised Controlled Trials}",
	author	=	{P.P. Hujoel and M.L.A. Hujoel and G.A. Kotsakis},
	journal	=	{Gerodontology},
	volume	=	{35},
	number	=	{4},
	pages		=	{282--289},
	year		=	{2018},
	url 		=	{https://doi.org/10.1111/ger.12331}
}

@article{
	weyant2013,
	title 		=	"{Topical Fluoride for Caries Prevention: Executive Summary of the Updated Clinical Recommendations and Supporting Systematic Review}",
	author	=	{R.J. Weyant and S.L. Tracy and T.T. Anselmo and E.D. Beltrán-Aguilar and K.J. Donly and W.A. Frese and P.P. Hujoel and T. Iafolla and W. Kohn and J. Kumar and S.M. Levy and N. Tinanoff and J.T. Wright and D. Zero and K. Aravamudhan and J. Frantsve-Hawley and D.N. Meyer and American Dental Association Council on Scientific Affaris Expert Panel on Topical Fluoride Caries Preventive Agentts},
	journal	=	{The Journal of the American Dental Association},
	volume	=	{144},
	number	=	{11},
	pages		=	{1279--1291},
	year		=	{2013},
	url 		=	{https://doi.org/10.14219/jada.archive.2013.0057}
}

@article{
	walsh2013,
	title 		=	"{Minimum Intervention Dentistry Principles and Objectives}",
	author	=	{L.J. Walsh and A.M. Brostek},
	journal	=	{Australian Dental Journal},
	volume	=	{58},
	number	=	{S1},
	pages		=	{3--16},
	year		=	{2013},
	url 		=	{https://doi.org/10.1111/adj.12045}
}

@article{
	abubakr2018,
	title 		=	"{The UCL-\emph{Lancet} Commission on Mogration and Health: The Health of a World on the Move}",
	author	=	{I. Abubakr and R.W. Aldridge and D. Devakumar and M. Orcutt and R. Burns and M.L. Barreto and P. Dhavan and F.M. Fouad and N. Grace and Y. Guo and S. Hargreaves and M. Knipper and J.J. Miranda and N. Madise and B. Kumar and D. Mosca and T. McGovern and L. Rubenstein and P. Sammonds and S.M. Sawyer and K. Sheikh and S. Tollman and P. Spiegel and C. Zimmerman and UCL-Lancet Commision on Migration and Health},
	journal	=	{The Lancet},
	volume	=	{392},
	number	=	{10164},
	pages		=	{2606--2654},
	year		=	{2018},
	url 		=	{https://doi.org/10.1016/S0140-6736(18)32114-7}
}

@article{
	un1976,
	title 		=	"{International Covenant on Economic, Social and Cultural Rights}",
	author	=	{UN},
	journal	=	{OHCHR},
	volume	=	{999},
	number	=	{3},
	year		=	{1976}
}

@article{
	ottersen2014,
	title 		=	"{The Political Origins of Health Inequity: Prospects for Change}",
	author	=	{O.P. Ottersen and J. Dasgupta and C. Blouin and P. Buss and V. Chongsuvivatwong and J. Frenk and S. Fukuda-Parr and B.P. Gawanas and R. Giacaman and J. Gyapong and J. Leaning and M. Marmot and D. McNeill and G.I. Mongella and N. Moyo and S. Møgedal and A. Ntsaluba and G. Ooms and E. Bjertness and A.L. Lie and S. Moon and S. Roalkvam and K.I. Sandberg and I.B. Scheel},
	journal	=	{The Lancet},
	volume	=	{383},
	number	=	{9917},
	pages		=	{630--667},
	year		=	{2014},
	url 		=	{https://doi.org/10.1016/S0140-6736(13)62407-1}
}

@article{
	heyes2020,
	title 		=	"{Culture}",
	author	=	{C. Heyes},
	journal	=	{Current Biology},
	volume	=	{30},
	number	=	{20},
	pages		=	{R1246--R1250},
	year		=	{2020},
	url 		=	{https://doi.org/10.1016/j.cub.2020.08.086}
}

@article{
	lauritano2021,
	title 		=	"{Oral Health Status among Migrants from Middle- and Low-Income Countries to Europe: A Systematic Review}",
	author	=	{D. Lauritano and G. Moreo and F. Carinci and V. Campanella and F.D. Vella},
	journal	=	{International Journal of Environmental Research and Public Health},
	volume	=	{18},
	number	=	{22},
	pages		=	{12203},
	year		=	{2021},
	url 		=	{https://doi.org/10.3390/ijerph182212203}
}

@article{
	aarabi2022,
	title 		=	"{Association Between Migration and Oral Health-related Quality of Life: Results from a Nationally Representative Online Survey}",
	author	=	{G. Aarabi and C . Walther and B. Kretzler and L. Zwar and H-H. König and A. Hajek},
	journal	=	{BMC Oral Health},
	volume	=	{22},
	number	=	{309},
	year		=	{2022},
	url 		=	{https://doi.org/doi.org/10.1186/s12903-022-02337-5}
}

@article{
	pabbla2021,
	title 		=	"{Oral Health Status, Oral Health Behaviours and Oral Health Care Utilisation Among Migrants Residing in Europe: A Systematic Review}",
	author	=	{A. Pabbla and D. Duijster and A. Grasveld and C. Sekundo and C. Agyemang and G. van der Heijden},
	journal	=	{Journal of Immigrant and Migrant Health},
	volume	=	{23},
	number	=	{2},
	pages		=	{373--388},
	year		=	{2021},
	url 		=	{https://doi.org/10.1007/s10903-020-01056-9}
}

@article{
	riggs2014,
	title 		=	"{Hard to Reach Communities or Hard to Access Services? Migrant Mothers' Experiences of Dental Services}",
	author	=	{E. Riggs and M. Gussy and L. Gibbs and C. van Gemert and E. Waters and N. Kilpatrick},
	journal	=	{Australian Dental Journal},
	volume	=	{59},
	number	=	{2},
	pages		=	{201--207},
	year		=	{2014},
	url 		=	{https://doi.org/10.1111/adj.12171}
}

@article{
	newton2001,
	title 		=	"{Barriers to the Use of Dental Services by Individuals from Minority Ethnic Communities Living in the United Kingdom: Findings from Focus Groups}",
	author	=	{J.T. Newton and N. Thorogood and V. Bhavnani and J. Pitt and D.E. Gibbons and S. Gelbier},
	journal	=	{Primary Dental Care},
	volume	=	{8},
	number	=	{4},
	pages		=	{157--161},
	year		=	{2001},
	url 		=	{https://doi.org/10.1308/135576101322462228}
}

@article{
	un2019,
	title 		=	"{International Migrant Stock 2019 Documentation}",
	author	=	{UN},
	journal	=	{United Nations Network on Migration},
	year		=	{2019},
	url 		=	{https://www.un.org/en/development/desa/population/migration/data/estimates2/docs/MigrationStockDocumentation_2019.pdf}
}

@book{
	heeringa2017,
  	title		=	"{Applied Survey Data Analysis}",
  	author	=	{S.G. Heeringa and N.T. West and P.A. Berglund},
	publisher	=	{CRC Press},
  	series		=	{Chapman \& Hall/CRC Statistics in the Social and Behavioral Sciences},
  	isbn		=	{9781351649308},
  	year		=	{2017}
}

@article{
	neyman1934,
	title 		=	"{On the Two Different Aspects of the Representative Method: The Method of Stratified Sampling and the Method of Purposive Selection}",
	author	=	{J. Neyman},
	journal	=	{Journal of the Royal Statistical Society},
	volume	=	{97},
	number	=	{4},
	pages		=	{558--625},
	year		=	{1934},
	url 		=	{https://doi.org/10.2307/2342192}
}

@book{
	kish1965,
  	title		=	"{Survey Sampling}",
  	author	=	{L. Kish},
	publisher	=	{John Wiley \& Sons},
	isbn		=	{047148900X},
  	year		=	{1965}
}

@book{
	cochran1977,
  	title		=	"{Sampling Techniques}",
  	author	=	{W.G. Cochran},
	publisher	=	{John Wiley \& Sons},
  	series		=	{Wiley Series in Probability and Mathematical Statistics},
  	isbn		=	{047116240X},
  	year		=	{1977}
}

@misc{
	cdcnhanes,
	title 		=	"{NHANES - National Health and Nutrition Examination Survey}",
	author	=	{CDC},
	year		=	{2023},
	howpublished	=	{\url{https://www.cdc.gov/nchs/nhanes/index.htm}},
	note		=	"{Accessed on: 14-04-2023}"
}

@article{
	chilton1984,
	title 		=	"{Clinical Caries Trials - Proceedings of a Conference at The American Dental Association, Chicago, Illinois, May 17-19, 1983 - PREFACE}",
	author	=	{N.W. Chilton and G.H. Schrotenboer},
	journal	=	{Journal of Dental Research},
	volume	=	{63},
	pages		=	{694--694},
	year		=	{1984}
}

@misc{
	nhanesdemo,
	title 		=	"{2017--2018 Data Documentation, Codebook, and Frequencies}",
	author	=	{CDC},
	year		=	{2023},
	howpublished	=	{\url{https://wwwn.cdc.gov/Nchs/Nhanes/2017-2018/DEMO_J.htm}},
	note		=	"{Accessed on: 14-04-2023}"
}

@misc{
	nhanesdesign,
	title 		=	"{NHANES Survey Methods and Analytic Guidelines}",
	author	=	{CDC},
	year		=	{2023},
	howpublished	=	{\url{https://wwwn.cdc.gov/nchs/nhanes/analyticguidelines.aspx#sample-design}},
	note		=	"{Accessed on: 14-04-2023}"
}

@article{
	strobe,
	title 		=	"{The Strengthening the Reporting of Observational Studies in Epidemiology (STROBE) Statement: Guidelines for Reporting Observational Studies}",
	author	=	{E. von Elm and D. Altman and G. Douglas G and M. Egger and S.J. Pocock and P.C. G{\o}tzsche and J.P. Vandenbroucke},
	journal	=	{British Medical Journal},
	volume	=	{335},
	number	=	{7624},
	pages		=	{806--808},
	year		=	{2007},
	url 		=	{https://doi.org/10.1136/bmj.39335.541782.AD}
}

@book{
	mccullagh1989,
  	title		=	"{Generalized Linear Models}",
  	author	=	{P. McCullagh and J.A. Nelder},
	publisher	=	{Chapman and Hall},
  	isbn		=	{9780203753736},
  	year		=	{1989}
}

@article{
	roberts1987,
	title 		= 	"{Logistic Regression Analysis of Sample Survey Data}",
	author 	= 	{G. Roberts and J.N.K. Rao and S. Kumar},
	journal 	= 	{Biometrika},
	volume 	= 	{74},
	number 	= 	{1},
	pages 	= 	{1--12},
	year 		= 	{1987},
	url 		= 	{https://doi.org/10.1159/000339491}
}

@article{
	binder1983,
	title 		= 	"{On the Variances of Asymptotically Normal Estimators from Complex Surveys}",
	author 	= 	{D.A. Binder},
	journal 	= 	{International Statistical Review},
	volume 	= 	{51},
	number 	= 	{2},
	pages 	= 	{279--292},
	year 		= 	{1983},
	url 		= 	{https://doi.org/10.2307/1402588}
}

@article{
	rao1984,
	title 		= 	"{On Chi-Squared Tests for Multiway Contingency Tables with Cell Proportions Estimated from Survey Data}",
	author 	= 	{J.N.K. Rao and A.J. Scott},
	journal 	= 	{Annals of Statistics},
	volume 	= 	{12},
	number 	= 	{1},
	pages 	= 	{46--60},
	year 		= 	{1984},
	url 		= 	{https://doi.org/10.1214/aos/1176346391}
}

@book{
	hosmer2000,
  	title		=	"{Applied Logistic Regression}",
  	author	=	{D.W. Hosmer and S. Lemeshow},
	publisher	=	{John Wiley \& Sons},
  	series		=	{Wiley Series in Probability and Mathematical Statistics},
  	isbn		=	{0471356328},
  	year		=	{2000}
}

@article{
	lumley2014,
	title 		=	"{Tests for Regression Models Fitted to Survey Data}",
	author	=	{T. Lumley and A. Scott},
	journal	=	{Australian \& New Zealand Journal of Statistics},
	volume	=	{56},
	number	=	{1},
	pages		=	{1--14},
	year		=	{2014},
	url 		=	{https://doi.org/10.1111/anzs.12065}
}

@article{
	rao1981,
	title 		= 	"{The Analysis of Categorical Data from Complex Sample Surveys: Chi-Squared Tests for Goodness of Fit and Independence in Two-Way Tables}",
	author 	= 	{J.N.K. Rao and A.J. Scott},
	journal 	= 	{Journal of the American Statistical Association},
	volume 	= 	{76},
	number 	= 	{374},
	pages 	= 	{221--230},
	year 		= 	{1981},
	url 		= 	{https://doi.org/10.2307/2287815}
}

@article{
	lumley2017,
	title 		=	"{Pseudo-$R^{2}$ Statistics Under Complex Sampling}",
	author	=	{T. Lumley},
	journal	=	{Australian \& New Zealand Journal of Statistics},
	volume	=	{59},
	number	=	{2},
	pages		=	{187--194},
	year		=	{2017},
	url 		=	{https://doi.org/10.1111/anzs.12187}
}

@article{
	hosmer1997,
	title 		=	"{A Comparison of Goodness-of-fit Tests for the Logistic Regression Model}",
	author	=	{D.W. Hosmer and T. Hosmer and S. le Cessie and S. Lemeshow},
	journal	=	{Statistics in Medicine},
	volume	=	{16},
	number	=	{9},
	pages		=	{965--980},
	year		=	{1997},
	url 		=	{https://doi.org/10.1002/(SICI)1097-0258(19970515)16:9<965::AID-SIM509>3.0.CO;2-O}
}

@article{
	hosmer2002,
	title 		=	"{Goodness-of-fit Processes for Logistic Regression: Simulation Results}",
	author	=	{D.W. Hosmer and N.L. Hjort},
	journal	=	{Statistics in Medicine},
	volume	=	{21},
	number	=	{18},
	pages		=	{2723--2738},
	year		=	{2002},
	url 		=	{https://doi.org/10.1002/sim.1200}
}

@article{
	hosmer1980,
	title 		=	"{Goodness of Fit Tests for the Multiple Logistic Regression Model}",
	author	=	{D.W. Hosmer and S. Lemeshow},
	journal	=	{Communications in Statistics - Theory and Methods},
	volume	=	{9},
	number	=	{10},
	pages		=	{1043--1069},
	year		=	{1980},
	url 		=	{https://doi.org/10.1080/03610928008827941}
}

@article{
	archer2006,
	title 		=	"{Goodness-of-fit Test for a Logistic Regression Model Fitted Using Survey Sample Data}",
	author	=	{K.J. Archer and S. Lemeshow},
	journal	=	{The Stata Journal},
	volume	=	{6},
	number	=	{1},
	pages		=	{97--105},
	year		=	{2006},
	url 		=	{https://doi.org/10.1177/1536867X0600600106}
}

@article{
	shah2003,
	title 		=	"{Hosmer-Lemeshow Goodness of Fit Test for Survey Data}",
	author	=	{B.V. Shah and B.G. Barnwell},
	journal	=	{2003 Joint Statistical Meetings - Section on Survey Research Methods},
	year		=	{2003}
}

@phdthesis{
	liu2007,
	title 		=	"{On Goodness-of-fit of Logistic Regression Model}",
	author	=	{Y. Liu},
	school	=	{Kansas State University},
	year		=	{2007},
	note 		=	{Unpublished thesis}
}

@article{
	nelder1972,
	title 		=	"{Generalized Linear Models}",
	author	=	{J.A. Nelder and R.W.M. Wedderburn},
	journal	=	{Journal of the Royal Statistical Society. Series A (General)},
	volume	=	{135},
	number	=	{3},
	pages		=	{370--384},
	year		=	{1972},
	url 		=	{https://doi.org/10.2307/2344614}
}

@article{
	lecessie1995,
	title 		=	"{A Goodness-of-Fit Test for Binary Regression Models, Based on Smoothing Methods}",
	author	=	{S. le Cessie and H.C. van Houwelingen},
	journal	=	{Biometrics},
	volume	=	{47},
	number	=	{4},
	pages		=	{1267--1282},
	year		=	{1991},
	url 		=	{https://doi.org/10.2307/2532385}
}

@article{
	stukel1988,
	title 		=	"{Generalized Logistic Models}",
	author	=	{T.A. Stukel},
	journal	=	{Journal of the American Statistical Association},
	volume	=	{83},
	number	=	{402},
	pages		=	{426--431},
	year		=	{1988},
	url 		=	{https://doi.org/10.2307/2288858}
}

@article{
	claussen2022,
	title 		=	"{Food Environment Interactions after Migration: A Scoping Review on Low- and Middle-income Country Immigrants in High-income Countries}",
	author	=	{A. Berggreen-Clausen and S.H. Pha and H.M. Alvesson and A. Andersson and M. Daivadanam},
	journal	=	{Public Health Nutrition},
	volume	=	{25},
	number	=	{1},
	pages		=	{136--158},
	year		=	{2022},
	url 		=	{https://doi.org/10.1017/S1368980021003943}
}

@article{
	drewnowski2004,
	title 		=	"{Poverty and Obesity: The Role of Energy Density and Energy Costs}",
	author	=	{A. Drewnowski and S.E. Specter},
	journal	=	{The American Journal of Clinical Nutrition},
	volume	=	{79},
	number	=	{1},
	pages		=	{6--16},
	year		=	{2004},
	url 		=	{https://doi.org/10.1093/ajcn/79.1.6}
}

@article{
	valdez2022,
	title 		=	"{Oral Health Literacy in Migrant and Ethnic Minority Populations: A Systematic Review}",
	author	=	{R. Valdez and K. Spinler and C. Kofhal and G. Heydecke and D.R. Resissmann and B. Lieske and D. Dingoyan and G. Arabi},
	journal	=	{Journal of Immigrant and Minority Health},
	volume	=	{24},
	number	=	{4},
	pages		=	{1061--1080},
	year		=	{2022},
	url 		=	{https://doi.org/10.1007/s10903-021-01266-9}
}

@article{
	crosnoe2011,
	title 		=	"{K-12 Educational Outcomes of Immigrant Youth}",
	author	=	{R. Crosnoe and R.N.T. Turley},
	journal	=	{Future Child},
	volume	=	{21},
	number	=	{1},
	pages		=	{129--152},
	year		=	{2011},
	url 		=	{https://doi.org/10.1353/foc.2011.0008}
}

@article{
	khullar2019,
	title 		=	"{Challenges for Immigrant Health in the USA - The Road to Crisis}",
	author	=	{D. Khullar and D.A. Chokshi},
	journal	=	{The Lancet},
	volume	=	{393},
	number	=	{10186},
	pages		=	{2168--2174},
	year		=	{2019},
	url 		=	{https://doi.org/10.1016/S0140-6736(19)30035-2}
}

@article{
	nuño2022,
	title 		=	"{First, Do No Harm: Why Anti-immigrant Policies in the United States are a Public Health Concern}",
	author	=	{L.E. Nuño and V.M. Herrera and B.J. Soto},
	journal	=	{Journal of Public Health Policy},
	volume	=	{43},
	number	=	{3},
	pages		=	{403--412},
	year		=	{2022},
	url 		=	{https://doi.org/10.1057/s41271-022-00364-8}
}

@article{
	radike1968,
	title 		=	"{Criteria for Diagnosis of Dental Caries. Proceedings of the Conference on the Clinical Testing of Cariostatics Agent}",
	author	=	{A.W. Radike},
	journal	=	{American Dental Association},
	volume	=	{Abstract 18},
	pages		=	{87-88},
	year		=	{1968}
}

@article{
	baker2014,
	title 		=	"{Social Epidemi(olog)$^{2}$y Where Next: One Small Step or One Giant Leap}",
	author	=	{S.R. Baker and B.G. Gibson},
	journal	=	{Community Dentistry and Oral Epidemiology},
	volume	=	{42},
	number	=	{6},
	pages		=	{481--494},
	year		=	{2014},
	url 		=	{https://doi.org/10.1111/cdoe.12118}
}

@article{
	wilks1938,
	title 		=	"{The Large-sample Distribution of the Likelihood Ratio for Testing Composite Hypotheses}",
	author	=	{S.S. Wilks},
	journal	=	{The Annals of Mathematical Statistics},
	volume	=	{9},
	number	=	{1},
	pages		=	{60--62},
	year		=	{1938},
	url 		=	{https://doi.org/10.1214/aoms/1177732360}
}

@article{
	sheiham2000,
	title 		=	"{The Common Risk Factor Approach: A Rational Basis for Promoting Oral Health}",
	author	=	{A. Sheiham},
	journal	=	{Community Dentistry and Oral Epidemiology},
	volume	=	{28},
	number	=	{6},
	pages		=	{399--406},
	year		=	{2000},
	url 		=	{https://doi.org/10.1034/j.1600-0528.2000.028006399.x}
}